% Abbreviations
@string{aci = "Angew. Chem. Int. Ed."}
@string{acp = "Adv. Chem. Phys."}
@string{am = "Adv. Mat."}
@string{acr = "Acc. Chem. Res."}
@string{acs = "Acta Chem. Scand."}
@string{accr = "Acta Crystallogr."}
@string{ajp = "Am. J. Phys."}
@string{ap = "Ann. Phys."}
@string{apny = "Ann. Phys. (NY)"}
@string{ajp = "Am. J. Phys."}
@string{analch = "Anal. Chem."}
@string{aqc = "Adv. Quantum Chem."}
@string{arpb = "Annu. Rev. Plant Biol."}
@string{arcc = "Annu. Rep. Comp. Chem."}
@string{arpc = "Annu. Rev. Phys. Chem."}
@string{arbc = "Annu. Rev. Biochem."}
@string{as = "Am. Sci."}
@string{ass = "Appl. Surf. Sci."}
@string{aj  = "Astrophys. J."}
@string{ajl = "Astrophys. J. Lett."}
@string{bac = "J. of Bacteriology"}
@string{bba = "Biochim. Biophys. Acta"}
@string{bbpc = "Ber. Bunsenges. Phys. Chem"}
@string{biochem = "Biochemistry"}
@string{bioc = "Biochem. J."}
@string{biocbiopres = "Biochem. Biophys. Res. Commun"}		  
@string{biocbiop = "Biochem. and Biophys. J."}		  
@string{bpc = "Biophys. Chem."}
@string{biophys = "Biophys. J."}
@string{biopol = "Biopolymers"}		  
@string{bcsj = "Bull. Chem. Soc. Japan"}
@string{assj = "Anal. Sci. Soc. Japan"}
@string{bscf = "Bull. Soc. Chim. Fr."}
@string{cb = "Chem. Biol."}
@string{cc = "Chem. Comm."}
@string{chemsci = "Chem. Sci."}
@string{cjc = "Can. J. Chem."}
@string{cjp = "Can. J. Phys."}
@string{chemc = "JCS Chem. Comm."}
@string{cej = "Chem. Eur. J."}
@string{ce = "Chem. Ed.: Res. $\&$ Pract. Eur."}
@string{cp = "Chem. Phys."}
@string{chphch = "ChemPhysChem"}
@string{cr = "Chem. Rev."}		
@string{csr = "Chem. Soc. Rev."}		
@string{cf = "Combust. Flame"}  
@string{cmp = "Commun. Math. Phys."}
@string{cpc = "Comp. Phys. Comm."}
%@string{cphysc = "Chem. Phys. Chem."} % ChemPhysChem is chphch 
@string{cpr = "Comp. Phys. Rep."}
@string{cphysc = "Comp. Phys. Chem."}
@string{ctc = "Comp. Theo. Chem."}
@string{cpl = "Chem. Phys. Lett."}
@string{csr = "Chem. Soc. Rev."}
@string{ea  = "Electrochim. Acta"}
@string{ejoc  = "Eur. J. Org. Chem."}
@string{epjd = "Eur. Phys. J. D"}
@string{el  = "Europhys. Lett."}
@string{fd = "Faraday Discuss."}
@string{fdcs = "Faraday Discuss. Chem. Soc."}
@string{ftrans = "Faraday Transactions"}
@string{febs = "FEBS Lett."}
@string{dfs = "Discuss. Faraday Soc."}
@string{embo = "EMBO J."}
@string{ibm = "IBM Jr."}
@string{inchem = "Inorg. Chem."}
@string{ijck = "Int. J. Chem. Kinet."}
@string{ejmspect = "Eur. J. Mass Spectrom."}
@string{ijmspect = "Int. J. Mass Spectrom."}
@string{ijmsip = "Int. J. Mass. Spect. Ion Phys."}
@string{ijms = "Int. J. Mol. Sci."}
@string{ijqc = "Int. J. Quant. Chem."}
@string{ijqcs = "Int. J. Quant. Chem. Symp."}		  		  
@string{irpc = "Int. Rev. Phys. Chem."}
@string{jac = "J. Appl. Cryst."}
@string{jacs = "J. Am. Chem. Soc."}
@string{jasms = "J. Am. Soc. Mass. Spectrom."}
@string{jap = "J. App. Phys."}
@string{jcc = "J. Comput. Chem."}
@string{jcompphys = "J. Comput. Phys."}		  
@string{jcellphysiol = "J. Cell. Comp. Physiol."}		  
@string{jce = "J. Chem. Educ."}
@string{jcp = "J. Chem. Phys."}
@string{jcs = "J. Chem. Soc."}
@string{jct = "J. Chem. Thermodyn."}
@String{jctc = "J. Chem. Theory Comput."}
@string{jcscc = "J. Chem. Soc., Chem. Commun."}
@string{jcsft = "J. Chem. Soc., Faraday Trans."}
@string{jcsft2 = "J. Chem. Soc., Faraday Trans. 2"}
@string{jcspt2 = "J. Chem. Soc., Perkin Trans. 2"}
@string{jchimp = "J. Chim. Phys."}
@string{jesrp = "J. Electron. Spectrosc. Relat. Phenom."}
@string{jl = "J. Lumin."}
@string{jmb = "J. Mol. Biol."}
@string{jmc = "J. Mater. Chem."}
@string{jmp = "J. Math. Phys."}
@string{jmr = "J. Magn. Reson."}
@string{jms  = "J. Molec. Spect."}
@string{jmsp = "J. Molec. Spect."}
@string{jmst = "J. Molec. Struct. (THEOCHEM)"}
@string{jnt = "J. Non-Equilib. Thermodyn."}
@string{joc = "J. Org. Chem."}
@string{josaB = "J. Opt. Soc. Am. B"}
@string{jp   = "J. Photochemistry"}
@string{jpa  = "J. Phys. A"}
@string{jpA = "J. Phys. A: Math. Gen."}
@string{jpB = "J. Phys. B: At. Mol. Opt. Phys."}
@string{jpb = "J. Phys. B"}
@string{jpc = "J. Phys. Chem."}
@string{jpca = "J. Phys. Chem. A"}
@string{jpcb = "J. Phys. Chem. B"}
@string{jpcc = "J. Phys. Chem. C"}
@string{jpcl = "J. Phys. Chem. Lett."}
@string{jpcrd = "J. Phys. Chem. Ref. Data"}
@string{jpco = "J. Phys.: Condens. Matter"}
@string{jpcs = "J. Phys. Conf. Ser."}
@string{jpD = "J. Phys. D: Appl. Phys."}
@string{jpf = "J. Phys. France"}	  
@string{jppa = "J. Photochem. Photobiol. A"}
@string{jpoc = "J. Phys. Org. Chem."}
@string{jpsj = "J. Phys. Soc. Jap."}
@string{jsp = "J. Stat. Phys."}
@string{jsc = "J. Struct. Chem."}
@string{jqc = "J. Quantum Chem."}
@string{jvs = "J. Vac.Sci.\&Techn."}
@string{jtcc = "J. Theor. Comput. Chem."}
@string{mendcomm= "Mendeleev Commun."}
@string{mnras= "Mon. N. Roy. Astr. Soc."}
@string{molcrliqcr= "Mol. Cryst. Liq. Cryst."}
@string{mp = "Mol. Phys."}
@string{nanolett = "Nano Lett."}
@string{nature = "Nature"}
@string{naturebt = "Nat. Biotechnol."}
@string{naturechem = "Nat. Chem."}
@string{naturechembio = "Nat. Chem. Biol."}
@string{naturephys = "Nat. Phys."}
@string{naturemat = "Nat. Materials"}
@string{naturemeth = "Nat. Methods"}
@string{naturephot = "Nat. Photonics"}
@string{nuc = "Nuclear Instruments and Methods in Physics Research"}
@string{np = "Nucl. Phys."}
@string{optcomm = "Opt. Commun."}
@string{ol = "Org. Lett."}
@string{om = "Organometallics"}
@string{pm = "Phil. Mag."}
@string{pcpb = "Photochem. and Photobiol."}
@string{pcpbs = "Photochem. Photobiol. Sci."}
@string{pccp = "Phys. Chem. Chem. Phys."}
@string{pa = "Physica A"}
@string{pfB  = "Phys. Fluids B"}
@string{phys = "Physica"}
@string{physA = "Physica A"}
@string{pl = "Phys. Lett."}
@string{plos1 = "PLos One"}
@string{pr = "Phys. Rev."}
@string{pra = "Phys. Rev. A"}
@string{prA = "Phys. Rev. A"}
@string{prb = "Phys. Rev. B"}
@string{prB = "Phys. Rev. B"}
@string{prC = "Phys. Rev. C"}
@string{prD = "Phys. Rev. D"}
@string{prE = "Phys. Rev. E"}
@string{prl = "Phys. Rev. Lett."}
@string{prp = "Phys. Rep."}
@string{ps = "Phys. Scr."}
@string{pt = "Physics Today"}
@string{pcps = "Proc. Cambridge Philos. Soc."}
@string{pnas = "Proc. Nat. Acad. Sci."}
@string{ppsa = "Proc. Phys. Soc. A"}
@string{prs = "Proc. R. Soc."}
@string{prsl = "Proc. R. Soc. London"}
@string{prsla = "Proc. R. Soc. London A"}
@string{piaschem = "Proc. Indian Acad. Sci. (Chem. Sci.)"}
@string{pic = "Prog. Inorg. Chem."}
@string{ptp = "Prog. Theor. Phys."}
@string{pac = "Pure Appl. Chem."}
@string{qrcs = "Q. Rev. Chem. Soc."}
@string{rcc = "Rev. Comp. Chem."}
@string{rmp = "Rev. Mod. Phys."}
@string{rpa = "Rev. Phys. Appl."}
@string{rsi = "Rev. Sci. Instrum."}
@string{rpp = "Rept. Prog. Phys."}
@string{rcr = "Russ. Chem. Rev."}
@string{sa = "Sci. Am."}
@string{sapa = "Spectrochim. Acta Part A"}
@string{scells = "Solar Cells"}
@string{schem   = "Struct. Chem."}
@string{sc   = "Science"}
@string{sr  ="Sci. Rep."}
@string{se = "Solar Energy"}
@string{sem = "Solar Energy Materials and Solar Cells"}
@string{spj = "Sov. Phys. JETP"}
@string{spu = "Sov. Phys. Usp."}
@string{ss = "Surf. Sci."}
@string{ssr = "Surf. Sci. Rep."}
@string{sst = "Semicond. Sci. Technol."}
@string{syn = "Synthesis"}
@string{th = "Tetrahedron"}
@string{thl = "Tetrahedron Lett."}
@string{tca = "Theor. Chim. Acta"}
@string{tcacc = "Theor. Chem. Acc."}
@string{tcc = "Top. Curr. Chem."}
@string{wir = "Wiley Interdiscip. Rev.: Comput. Mol. Sci."}
@string{zp = "Z. Phys."}
@string{zpD = "Z. Phys. D - Atoms, Molecules and Clusters"}
@string{zpd = "Z. Phys. D"}
